%% This BibTeX bibliography file was created using BibDesk.
%% http://bibdesk.sourceforge.net/

%% Created for Jordi Casas Roma at 2018-05-29 18:21:49 +0200 

%% Saved with string encoding Unicode (UTF-8) 

@online{isic_web,
	title = {{ISIC} {\textbar} International Skin Imaging Collaboration},
	url = {https://www.isic-archive.com},
	abstract = {{ISIC} is improving skin cancer diagnosis by promoting standards in skin imaging, gathering and sharing dermatologic images, \& engaging clinicians \& computer vision researchers},
	titleaddon = {{ISIC}},
	urldate = {2023-10-08},
	langid = {english},
	keywords = {{ISIC}},
}

